@book{Akenine,
  title={Real-time rendering},
  author={Akenine-Moller, Tomas and Haines, Eric and Hoffman, Naty},
  year={2018},
  publisher={AK Peters/CRC Press}
}

@inproceedings{Sillion,
  title={A general two-pass method integrating specular and diffuse reflection},
  author={Sillion, Francois and Puech, Claude},
  booktitle={ACM SIGGRAPH Computer Graphics},
  volume={23},
  number={3},
  pages={335--344},
  year={1989},
  organization={ACM}
}

@inproceedings{Cohen,
  title={The hemi-cube: A radiosity solution for complex environments},
  author={Cohen, Michael F and Greenberg, Donald P},
  booktitle={ACM SIGGRAPH Computer Graphics},
  volume={19},
  number={3},
  pages={31--40},
  year={1985},
  organization={ACM}
}

@inproceedings{Goral,
  title={Modeling the interaction of light between diffuse surfaces},
  author={Goral, Cindy M and Torrance, Kenneth E'; Greenberg, Donald P and Battaile, Bennett},
  booktitle={ACM SIGGRAPH computer graphics},
  volume={18},
  number={3},
  pages={213--222},
  year={1984},
  organization={ACM}
}

@article{Phong,
  title={Illumination for computer generated pictures},
  author={Phong, Bui Tuong},
  journal={Communications of the ACM},
  volume={18},
  number={6},
  pages={311--317},
  year={1975},
  publisher={ACM}
}

@inproceedings{Kajiya,
  title={The rendering equation},
  author={Kajiya, James T},
  booktitle={ACM SIGGRAPH computer graphics},
  volume={20},
  number={4},
  pages={143--150},
  year={1986},
  organization={ACM}
}

@article{Malley,
	title={A shading method for computer generated images},
	author={Malley, TJ},
	journal={Master's thesis, Dept. of Computer Science, University of Utah},
	year={1988}
}

@article{Beckers,
	title={A general rule for disk and hemisphere partition into equal-area cells},
	author={Beckers, Benoit and Beckers, Pierre},
	journal={Computational Geometry},
	volume={45},
	number={7},
	pages={275--283},
	year={2012},
	publisher={Elsevier}
}