@misc{RTR,
	title = {Real Time Rendering - 3rd Edition},
	note = {ISBN: 978-1-4398-6529-3}
}
